<record><leader>00000cas a22000007a 4500</leader><controlfield tag="001">16954591</controlfield><controlfield tag="008">871109d18811957paudr ne      0    0eng d</controlfield><datafield ind1=" " ind2=" " tag="010"><subfield code="a">sn 87078483 </subfield></datafield><datafield ind1=" " ind2=" " tag="040"><subfield code="a">NPH</subfield><subfield code="b">eng</subfield><subfield code="c">NPH</subfield><subfield code="d">OCLCQ</subfield></datafield><datafield ind1=" " ind2=" " tag="042"><subfield code="a">msc</subfield></datafield><datafield ind1="0" ind2="0" tag="245"><subfield code="a">Quakertown free press.</subfield></datafield><datafield ind1="1" ind2="7" tag="246"><subfield code="a">Free press</subfield></datafield><datafield ind1=" " ind2=" " tag="260"><subfield code="a">Quakertown, Pa. :</subfield><subfield code="b">J.G. Stauffer,</subfield><subfield code="c">1881-1957.</subfield></datafield><datafield ind1=" " ind2=" " tag="300"><subfield code="a">v. :</subfield><subfield code="b">ill. (chiefly advertisements) ;</subfield><subfield code="c">58-78 cm.</subfield></datafield><datafield ind1=" " ind2=" " tag="310"><subfield code="a">Daily (except Sat. and Sun.),</subfield><subfield code="b">&lt;1957-&gt;</subfield></datafield><datafield ind1=" " ind2=" " tag="321"><subfield code="a">Weekly,</subfield><subfield code="b">&lt;Aug. 13, 1881-&gt;</subfield></datafield><datafield ind1="0" ind2=" " tag="362"><subfield code="a">Vol. 1, no. 1 (Aug. 13, 1881)- ; -no. 107 (Nov. 19, 1957).</subfield></datafield><datafield ind1=" " ind2=" " tag="500"><subfield code="a">Publisher: C. Norman Detweiller, &lt;1945&gt;.</subfield></datafield><datafield ind1=" " ind2=" " tag="500"><subfield code="a">Supplements accompany some issues.</subfield></datafield><datafield ind1=" " ind2=" " tag="515"><subfield code="a">Issues for &lt;June 16, 1883-Aug. 16, 1945&gt; called also &lt;whole no. 95-3327&gt;.</subfield></datafield><datafield ind1=" " ind2=" " tag="752"><subfield code="a">United States</subfield><subfield code="b">Pennsylvania</subfield><subfield code="c">Bucks</subfield><subfield code="d">Quakertown.</subfield></datafield><datafield ind1="0" ind2="0" tag="785"><subfield code="t">Daily free press (Quakertown, Pa. : 1957)</subfield><subfield code="w">(DLC)sn 89077346</subfield></datafield></record>